@Book{		  knu97:ar1,
  author	= {Knuth, D. E.},
  title		= {The Art of Computer Programming: Fundamental Algorithms},
  publisher	= {Addision Wesley},
  address	= {Boston},
  year		= 1997,
  volume	= 1
}

@Article{	  sai87:nei,
  author	= {Saitou, N. and Nei, M.},
  title		= {The neighbor-joining method: a new method for
		  reconstructing phylgenetic trees},
  journal	= {Molecular Biology and Evolution},
  year		= 1987,
  key		= 697,
  volume	= 4,
  pages		= {406-425}
}

@Article{hau15:and,
  author = 	 {Haubold, B. and Kl\"otzl, F. and Pfaffelhuber, P.},
  title = 	 {\texttt{andi}: Fast and accurate estimation of evolutionary distances between closely related genomes},
  journal = 	 {Bioinformatics},
  year = 	 2015,
  volume =       31,
  pages =        {1169--75}
}
